<?xml version="1.0" encoding="UTF-8"?><collection xmlns="http://www.loc.gov/MARC21/slim"><record><leader>00545nam--2200181-i-4500</leader><controlfield tag="001">000012063</controlfield><controlfield tag="002">20161230</controlfield><controlfield tag="005">20161230201029</controlfield><controlfield tag="008">060222s1000------------r-----000-0-fre-d</controlfield><datafield ind1=" " ind2=" " tag="040"><subfield code="a">IFIN-HH</subfield></datafield><datafield ind1=" " ind2=" " tag="041"><subfield code="a">fre</subfield></datafield><datafield ind1=" " ind2=" " tag="080"><subfield code="a">514.742</subfield></datafield><datafield ind1="1" ind2=" " tag="100"><subfield code="a">Bouligand, Georges</subfield></datafield><datafield ind1="1" ind2="0" tag="245"><subfield code="a">Lecons de geometrie vectorielle</subfield><subfield code="b">Preliminaires a l`etude de la theorie d`einstein. avec une preface de m.ed. goursat</subfield><subfield code="c">Georges bouligand</subfield></datafield><datafield ind1=" " ind2=" " tag="260"><subfield code="a">Paris</subfield><subfield code="b">Librairie Vuibert</subfield><subfield code="c">1924</subfield></datafield><datafield ind1=" " ind2=" " tag="300"><subfield code="a">VIII + 356 P</subfield></datafield><datafield ind1=" " ind2=" " tag="852"><subfield code="a">44473</subfield><subfield code="c">H.H</subfield></datafield><datafield ind1=" " ind2=" " tag="CAT"><subfield code="a">Sys</subfield><subfield code="c">20130409</subfield><subfield code="h">110136</subfield></datafield></record></collection>